%% This BibTeX bibliography file was created using BibDesk.
%% http://bibdesk.sourceforge.net/


%% Created for Tobias Banaszak at 2010-08-16 21:56:58 +0200 


%% Saved with string encoding Unicode (UTF-8) 


@comment{jabref-meta: selector_publisher:}
@comment{jabref-meta: selector_author:}
@comment{jabref-meta: selector_journal:}
@comment{jabref-meta: selector_keywords:}



@ARTICLE{1055638,
  author={Diffie, W. and Hellman, M.},
  journal={IEEE Transactions on Information Theory}, 
  title={New directions in cryptography}, 
  year={1976},
  volume={22},
  number={6},
  pages={644-654},
  doi={10.1109/TIT.1976.1055638}}

@article{10.1145/359340.359342,
author = {Rivest, R. L. and Shamir, A. and Adleman, L.},
title = {A Method for Obtaining Digital Signatures and Public-Key Cryptosystems},
year = {1978},
issue_date = {Feb. 1978},
publisher = {Association for Computing Machinery},
address = {New York, NY, USA},
volume = {21},
number = {2},
issn = {0001-0782},
url = {https://doi.org/10.1145/359340.359342},
doi = {10.1145/359340.359342},
journal = {Commun. ACM},
month = {feb},
pages = {120–126},
numpages = {7}
}

@article{deutsch1985,
  title={Quantum theory, the Church–Turing principle and the universal quantum computer},
  author={Deutsch, David},
  journal={Proceedings of the Royal Society of London. A. Mathematical and Physical Sciences},
  volume={400},
  pages={97–117},
  year={1985},
  publisher={The Royal Society},
  doi={10.1098/rspa.1985.0070}
}

@book{Cormen2009,
    title={Introduction to Algorithms},
    author={Cormen, Thomas H. and Leiserson, Charles E. and Rivest, Ronald L. and Stein, Clifford},
    year={2009},
    edition={3rd},
    publisher={MIT Press},
    pages={963}
}

% Falls man Vorlesungen zitiert 
@booklet{Hoever2022Krypto,
    Author = {Georg Hoever},
    Year = {2022},
    Title = {Kryptologie},
    howpublished = {Skript zur Vorlesung Kryptologie, Fachhochschule Aachen},
    pages={28}
}

@booklet{Hoever2023QC,
    Author = {Georg Hoever},
    Year = {2023},
    Title = {Quanten Computing},
    howpublished = {Skript zur Vorlesung Quanten Computing, Fachhochschule Aachen},
    pages={107}
}

@misc{Hoever2023Münze,
    Author = {Georg Hoever},
    title = {Münzbeispiel},
    howpublished = {Mündlich/Symbolisch in der Vorlesung Quantencomputing, Fachhochschule Aachen},
    year = {2023}
}

@article{Shor_1997,
	doi = {10.1137/s0097539795293172},
	url = {https://doi.org/10.1137%2Fs0097539795293172},
	year = 1997,
	month = {10},
	publisher = {Society for Industrial {\&} Applied Mathematics ({SIAM})},
	volume = {26},
	number = {5},
	pages = {1484--1509},
	author = {Peter W. Shor},
	title = {Polynomial-Time Algorithms for Prime Factorization and Discrete Logarithms on a Quantum Computer},
	journal = {{SIAM} Journal on Computing}
}

@article{benioff1980,
  author  = {Benioff, Paul},
  title   = {The computer as a physical system: A microscopic quantum mechanical Hamiltonian model of computers as represented by Turing machines},
  journal = {Journal of Statistical Physics},
  year    = {1980},
  volume  = {22},
  number  = {5},
  pages   = {563--591},
  doi     = {10.1007/BF01011339}
}

@article{Feynman1982,
  author = {Feynman, Richard P.},
  title = {Simulating physics with computers},
  journal = {International Journal of Theoretical Physics},
  volume = {21},
  number = {6},
  pages = {467--488},
  year = {1982},
  doi = {10.1007/BF02650179},
  url = {https://doi.org/10.1007/BF02650179}
}

@misc{grover1996fast,
      title={A fast quantum mechanical algorithm for database search}, 
      author={Lov K. Grover},
      year={1996},
      eprint={quant-ph/9605043},
      archivePrefix={arXiv},
      primaryClass={quant-ph}
}
@article{Jones_1998,
	doi = {10.1063/1.476739},
	url = {https://doi.org/10.1063%2F1.476739},
	year = 1998,
	month = {8},
	publisher = {{AIP} Publishing},
	volume = {109},
	number = {5},
	pages = {1648--1653},
	author = {J. A. Jones and M. Mosca},
	title = {Implementation of a quantum algorithm on a nuclear magnetic resonance quantum computer}, 
	journal = {The Journal of Chemical Physics}
}

@article{DiVincenzo_2000,
	doi = {10.1002/1521-3978(200009)48:9/11<771::aid-prop771>3.0.co;2-e},
	url = {https://doi.org/10.1002%2F1521-3978%28200009%2948%3A9%2F11%3C771%3A%3Aaid-prop771%3E3.0.co%3B2-e},
	year = 2000,
	month = {9},
	publisher = {Wiley},
	volume = {48},
	number = {9-11},
	pages = {771--783},
	author = {David P. DiVincenzo},
	title = {The Physical Implementation of Quantum Computation},
	journal = {Fortschritte der Physik}
}

@online{BSI_KPMG_2023,
  title = {Gemeinsame Umfrage von BSI und KPMG in Deutschland zu „Kryptografie und Quantencomputing“},
  url = {https://www.bsi.bund.de/DE/Service-Navi/Presse/Alle-Meldungen-News/Meldungen/BSI_KMPG_Quanten_230418.html},
  year = {2023},
  urldate = {2023-08-02}
}

@online{Google_2023,
  title = {Unveiling our new Quantum AI campus},
  url = {https://blog.google/technology/ai/unveiling-our-new-quantum-ai-campus/},
  year = {2023},
  urldate = {2023-08-02}
}

@online{IBM_2023,
  title = {IBM Quantum Development Roadmap},
  url = {https://www.ibm.com/quantum/roadmap},
  year = {2023},
  urldate = {2023-08-02}
}

@article{dirac_1939, 
  title={A new notation for quantum mechanics}, 
  volume={35},
  DOI={10.1017/S0305004100021162}, 
  number={3},
  journal={Mathematical Proceedings of the Cambridge Philosophical Society}, 
  publisher={Cambridge University Press}, 
  author={Dirac, P. A. M.}, 
  year={1939}, 
  pages={416–418}
}

@book{katz2023,
  title={Introduction to modern cryptography},
  author={Katz, Jonathan and Lindell, Yehuda},
  edition={2},
  year={2023},
  publisher={CRC Press},
  address={Boca Raton, FL},
  isbn={9781466570269},
}


@book{homeister2023quantum215,
  title     = {Quantum Computing verstehen},
  author    = {Homeister, Matthias},
  edition   = {5},
  publisher = {Springer}
}

@article{Ruiz-Perez2017,
  author    = {Ruiz-Perez, Lidia and Garcia-Escartin, Juan Carlos},
  title     = {Quantum arithmetic with the quantum Fourier transform},
  journal   = {Quantum Information Processing},
  volume    = {16},
  number    = {6},
  pages     = {152},
  year      = {2017},
  doi       = {10.1007/s11128-017-1603-1},
  url       = {https://doi.org/10.1007/s11128-017-1603-1},
  issn      = {1573-1332}
}

@misc{draper2000addition,
  title={Addition on a Quantum Computer}, 
  author={Thomas G. Draper},
  year={2000},
  eprint={quant-ph/0008033},
  archivePrefix={arXiv},
  primaryClass={quant-ph}
}

@book{nielsen_chuang_2010, 
  place={Cambridge}, 
  title={Quantum Computation and Quantum Information: 10th Anniversary Edition}, 
  DOI={10.1017/CBO9780511976667}, 
  publisher={Cambridge University Press}, 
  author={Nielsen, Michael A. and Chuang, Isaac L.}, 
  year={2010}
}

@online{ibmqx5,
  author       = {IBM},
  title        = {IBM Q 16 Rueschlikon Backend Information},
  year         = {2023},
  url          = {https://github.com/Qiskit/ibmq-device-information/tree/master/backends/rueschlikon/V1},
  note         = {Zugriff am: 14.08.2023}
}

@online{anonymousket,
    author = {AnonymousKet},
    title = {Quantum Phase Estimation},
    year = {2023},
    url = {https://anonymousket.medium.com/quantum-phase-estimation-e2910e8ef8ec},
    note = {Zugriff am: 14.08.2023}
}

@online{qiskitReset,
  author = {Qiskit Development Team},
  title = {Reset — Qiskit 0.x documentation},
  year = {2023},
  url = {https://qiskit.org/documentation/stubs/qiskit.circuit.library.Reset.html},
  note = {Accessed: 19.08.2023}
}

@online{koepf_modular_2021,
    author = {Wolfram Koepf},
    title = {Elementare Arithmetik und Algebra},
    subtitle = {Modulare Arithmetik},
    year = {2021},  
    url = {https://www.mathematik.uni-kassel.de/~koepf/ElAriAl/modular.pdf},
    note = {Abgerufen am: 20.08.2023},  
    pagetotal = {78}
}

@misc{zalka1998fast,
      title={Fast versions of Shor's quantum factoring algorithm}, 
      author={Christof Zalka},
      year={1998},
      eprint={quant-ph/9806084},
      archivePrefix={arXiv},
      primaryClass={quant-ph}
}

@misc{beauregard2003circuit,
      title={Circuit for Shor's algorithm using 2n+3 qubits}, 
      author={Stephane Beauregard},
      year={2003},
      eprint={quant-ph/0205095},
      archivePrefix={arXiv},
      primaryClass={quant-ph}
}

@misc{mosca1999hidden,
      title={The Hidden Subgroup Problem and Eigenvalue Estimation on a Quantum Computer}, 
      author={Michele Mosca and Artur Ekert},
      year={1999},
      eprint={quant-ph/9903071},
      archivePrefix={arXiv},
      primaryClass={quant-ph}
}

@online{IBMQuantumServerless2023,
  author = {IBM Research},
  title = {Quantum Serverless Programming},
  year = {2023},
  url = {https://research.ibm.com/blog/quantum-serverless-programming},
  note = {Besucht am 03.09.2023}
}

@article{Parker2000,
	doi = {10.1103/physrevlett.85.3049},
	year = 2000,
	month = {10},
	publisher = {American Physical Society ({APS})},
	volume = {85},
	number = {14},
	pages = {3049--3052},
	author = {S. Parker and M. B. Plenio},
	title = {Efficient Factorization with a Single Pure Qubit and logN mixed qubits},
	journal = {Physical Review Letters}
}

@article{Griffiths_1996,
	doi = {10.1103/physrevlett.76.3228},
	url = {https://doi.org/10.1103%2Fphysrevlett.76.3228},
	year = 1996,
	month = {4},
	publisher = {American Physical Society ({APS})},
	volume = {76},
  number = {17},
	pages = {3228--3231},
	author = {Robert B. Griffiths and Chi-Sheng Niu},
	title = {Semiclassical Fourier Transform for Quantum Computation},
	journal = {Physical Review Letters}
}

@article{Barenco_1996,
	doi = {10.1103/physreva.54.139},
	url = {https://doi.org/10.1103%2Fphysreva.54.139},
	year = 1996,
	month = {6},
	publisher = {American Physical Society ({APS})},
	volume = {54},
	number = {1},
	pages = {139--146},  
	author = {Adriano Barenco and Artur Ekert and Kalle-Antti Suominen and Päivi Törmä},
	title = {Approximate quantum Fourier transform and decoherence}, 
	journal = {Physical Review A}
}

@misc{cheung2004improved,
      title={Improved Bounds for the Approximate QFT}, 
      author={Donny Cheung},
      year={2004},
      eprint={quant-ph/0403071},
      archivePrefix={arXiv},
      primaryClass={quant-ph}
}

@book{kaye2007introduction,
    title = {An Introduction to Quantum Computing},
    author = {Phillip Kaye and Raymond Laflamme and Michele Mosca},
    year = {2007},
    publisher = {Oxford University Press},
    url = {http://ursula.chem.yale.edu/~batista/classes/v572/Mosca.pdf}
}

@INPROCEEDINGS{9686492,
  author={Mounica, G. R. and Manimaran, G. and Jerome, L. B. and Bhattacharjee, P.},
  booktitle={2021 IEEE Pune Section International Conference (PuneCon)}, 
  title={Implementation of 5-Qubit approach-based Shor's Algorithm in IBM Qiskit}, 
  year={2021},
  volume={},
  number={},
  pages={1-6},
  doi={10.1109/PuneCon52575.2021.9686492}}

  @INPROCEEDINGS{9376169,
  author={DeCusatis, Casimer and Mcgettrick, Emily},
  booktitle={2021 IEEE 11th Annual Computing and Communication Workshop and Conference (CCWC)}, 
  title={Near term implementation of Shor's Algorithm using Qiskit}, 
  year={2021},
  volume={},
  number={},
  pages={1564-1568},
  doi={10.1109/CCWC51732.2021.9376169}}

  @article{Vedral_1996,
	doi = {10.1103/physreva.54.147},
	url = {https://doi.org/10.1103%2Fphysreva.54.147},
	year = 1996,
	month = {jul},
	publisher = {American Physical Society ({APS})},
	volume = {54},
	number = {1},
	pages = {147--153},
	author = {Vlatko Vedral and Adriano Barenco and Artur Ekert},
	title = {Quantum networks for elementary arithmetic operations},
	journal = {Physical Review A}
}

@online{QiskitShorImplementations,
    author = {Qiskit},
    title = {Veraltete Implementierungen von Shors Algorithmus in Qiskit},
    year = {2020},  
    note = {Zugriff am: 16. September 2023},  
    howpublished = {
        \begin{itemize}
            \item \url{https://qiskit.org/documentation/stable/0.28/_modules/qiskit/algorithms/factorizers/shor.html}
            \item \url{https://qiskit.org/documentation/stable/0.24/tutorials/algorithms/09_textbook_algorithms.html}
            \item \url{https://qiskit.org/learn/course/ch-algorithms/shors-algorithm/}
        \end{itemize}
    }
}

@online{NISTPQC,
  author       = {National Institute of Standards and Technology},
  title        = {Submission Requirements and Evaluation Criteria for the Post-Quantum Cryptography Standardization Process},
  year         = {2016},
  url          = {https://csrc.nist.gov/CSRC/media/Projects/Post-Quantum-Cryptography/documents/call-for-proposals-final-dec-2016.pdf},
  organization = {National Institute of Standards and Technology},
  note         = {Accessed: 2023-09-16}  
}

@online{BSI2023,
  author        = {Bundesamt für Sicherheit in der Informationstechnik},
  title         = {Kryptographische Verfahren: Empfehlungen und Schlüssellängen},
  year          = {2023},
  version       = {Stand 09. Januar 2023},
  url           = {https://www.bsi.bund.de/SharedDocs/Downloads/DE/BSI/Publikationen/TechnischeRichtlinien/TR02102/BSI-TR-02102.pdf?__blob=publicationFile},
  organization  = {Bundesamt für Sicherheit in der Informationstechnik},
  urldate       = {2023-09-22},
}

@misc{cryptoeprint:2023/092,
      author = {Junpei Yamaguchi and Masafumi Yamazaki and Akihiro Tabuchi and Takumi Honda and Tetsuya Izu and Noboru Kunihiro},
      title = {Estimation of Shor's Circuit for 2048-bit Integers based on Quantum Simulator},
      howpublished = {Cryptology ePrint Archive, Paper 2023/092},
      year = {2023},
      note = {\url{https://eprint.iacr.org/2023/092}},
      url = {https://eprint.iacr.org/2023/092}
}


