%% This BibTeX bibliography file was created using BibDesk.
%% http://bibdesk.sourceforge.net/


%% Created for Tobias Banaszak at 2010-08-16 21:56:58 +0200 


%% Saved with string encoding Unicode (UTF-8) 


@comment{jabref-meta: selector_publisher:}
@comment{jabref-meta: selector_author:}
@comment{jabref-meta: selector_journal:}
@comment{jabref-meta: selector_keywords:}

@ARTICLE{1055638,
  author={Diffie, W. and Hellman, M.},
  journal={IEEE Transactions on Information Theory}, 
  title={New directions in cryptography}, 
  year={1976},
  volume={22},
  number={6},
  pages={644-654},
  doi={10.1109/TIT.1976.1055638}}

@article{deutsch1985,
  title={Quantum theory, the Church–Turing principle and the universal quantum computer},
  author={Deutsch, David},
  journal={Proceedings of the Royal Society of London. A. Mathematical and Physical Sciences},
  volume={400},
  pages={97–117},
  year={1985},
  publisher={The Royal Society},
  doi={10.1098/rspa.1985.0070}
}

@book{Cormen2009,
    title={Introduction to Algorithms},
    author={Cormen, Thomas H. and Leiserson, Charles E. and Rivest, Ronald L. and Stein, Clifford},
    year={2009},
    edition={3rd},
    publisher={MIT Press},
    pages={963}
}

% Falls man Vorlesungen zitiert 
@booklet{Hoever2022Krypto,
    Author = {Georg Hoever},
    Year = {2022},
    Title = {Kryptologie},
    howpublished = {Skript zur Vorlesung Kryptologie, Fachhochschule Aachen},
    pages={28}
}

@booklet{Hoever2023QC,
    Author = {Georg Hoever},
    Year = {2023},
    Title = {Quanten Computing},
    howpublished = {Skript zur Vorlesung Quanten Computing, Fachhochschule Aachen},
    pages={107}
}

@misc{Hoever2023Münze,
    Author = {Georg Hoever},
    title = {Münzbeispiel},
    howpublished = {Mündlich/Symbolisch in der Vorlesung Quantencomputing, Fachhochschule Aachen},
    year = {2023}
}

@article{Shor_1997,
	doi = {10.1137/s0097539795293172},
	url = {https://doi.org/10.1137%2Fs0097539795293172},
	year = 1997,
	month = {10},
	publisher = {Society for Industrial {\&} Applied Mathematics ({SIAM})},
	volume = {26},
	number = {5},
	pages = {1484--1509},
	author = {Peter W. Shor},
	title = {Polynomial-Time Algorithms for Prime Factorization and Discrete Logarithms on a Quantum Computer},
	journal = {{SIAM} Journal on Computing}
}

@article{benioff1980,
  author  = {Benioff, Paul},
  title   = {The computer as a physical system: A microscopic quantum mechanical Hamiltonian model of computers as represented by Turing machines},
  journal = {Journal of Statistical Physics},
  year    = {1980},
  volume  = {22},
  number  = {5},
  pages   = {563--591},
  doi     = {10.1007/BF01011339}
}

@article{Feynman1982,
  author = {Feynman, Richard P.},
  title = {Simulating physics with computers},
  journal = {International Journal of Theoretical Physics},
  volume = {21},
  number = {6},
  pages = {467--488},
  year = {1982},
  doi = {10.1007/BF02650179},
  url = {https://doi.org/10.1007/BF02650179}
}

@misc{grover1996fast,
      title={A fast quantum mechanical algorithm for database search}, 
      author={Lov K. Grover},
      year={1996},
      eprint={quant-ph/9605043},
      archivePrefix={arXiv},
      primaryClass={quant-ph}
}
@article{Jones_1998,
	doi = {10.1063/1.476739},
	url = {https://doi.org/10.1063%2F1.476739},
	year = 1998,
	month = {8},
	publisher = {{AIP} Publishing},
	volume = {109},
	number = {5},
	pages = {1648--1653},
	author = {J. A. Jones and M. Mosca},
	title = {Implementation of a quantum algorithm on a nuclear magnetic resonance quantum computer}, 
	journal = {The Journal of Chemical Physics}
}

@article{DiVincenzo_2000,
	doi = {10.1002/1521-3978(200009)48:9/11<771::aid-prop771>3.0.co;2-e},
	url = {https://doi.org/10.1002%2F1521-3978%28200009%2948%3A9%2F11%3C771%3A%3Aaid-prop771%3E3.0.co%3B2-e},
	year = 2000,
	month = {9},
	publisher = {Wiley},
	volume = {48},
	number = {9-11},
	pages = {771--783},
	author = {David P. DiVincenzo},
	title = {The Physical Implementation of Quantum Computation},
	journal = {Fortschritte der Physik}
}

@online{BSI_KPMG_2023,
  title = {Gemeinsame Umfrage von BSI und KPMG in Deutschland zu „Kryptografie und Quantencomputing“},
  url = {https://www.bsi.bund.de/DE/Service-Navi/Presse/Alle-Meldungen-News/Meldungen/BSI_KMPG_Quanten_230418.html},
  year = {2023},
  urldate = {2023-08-02}
}

@online{Google_2023,
  title = {Unveiling our new Quantum AI campus},
  url = {https://blog.google/technology/ai/unveiling-our-new-quantum-ai-campus/},
  year = {2023},
  urldate = {2023-08-02}
}

@online{IBM_2023,
  title = {IBM Quantum Development Roadmap},
  url = {https://www.ibm.com/quantum/roadmap},
  year = {2023},
  urldate = {2023-08-02}
}

@article{dirac_1939, 
title={A new notation for quantum mechanics}, 
volume={35},
DOI={10.1017/S0305004100021162}, 
number={3},
journal={Mathematical Proceedings of the Cambridge Philosophical Society}, 
publisher={Cambridge University Press}, 
author={Dirac, P. A. M.}, 
year={1939}, 
pages={416–418}
}

@book{katz2023,
  title={Introduction to modern cryptography},
  author={Katz, Jonathan and Lindell, Yehuda},
  edition={2},
  year={2023},
  publisher={CRC Press},
  address={Boca Raton, FL},
  isbn={9781466570269},
}


@book{homeister2023quantum215,
  title     = {Quantum Computing verstehen},
  author    = {Homeister, Matthias},
  edition   = {5},
  publisher = {Springer},
  pages     = {215}
}

@article{Ruiz-Perez2017,
  author    = {Ruiz-Perez, Lidia and Garcia-Escartin, Juan Carlos},
  title     = {Quantum arithmetic with the quantum Fourier transform},
  journal   = {Quantum Information Processing},
  volume    = {16},
  number    = {6},
  pages     = {152},
  year      = {2017},
  doi       = {10.1007/s11128-017-1603-1},
  url       = {https://doi.org/10.1007/s11128-017-1603-1},
  issn      = {1573-1332}
}

@misc{draper2000addition,
      title={Addition on a Quantum Computer}, 
      author={Thomas G. Draper},
      year={2000},
      eprint={quant-ph/0008033},
      archivePrefix={arXiv},
      primaryClass={quant-ph}
}

@book{nielsen_chuang_2010, 
place={Cambridge}, 
title={Quantum Computation and Quantum Information: 10th Anniversary Edition}, 
DOI={10.1017/CBO9780511976667}, 
publisher={Cambridge University Press}, 
author={Nielsen, Michael A. and Chuang, Isaac L.}, 
year={2010}
}

@online{anonymousket,
    author = {AnonymousKet},
    title = {Quantum Phase Estimation},
    year = {2023},
    url = {https://anonymousket.medium.com/quantum-phase-estimation-e2910e8ef8ec},
    note = {Zugriff am: 14.08.2023}
}

@online{ibmqx5,
  author       = {IBM},
  title        = {IBM Q 16 Rueschlikon V1.x.x Backend Information},
  year         = {2023},
  url          = {https://github.com/Qiskit/ibmq-device-information/tree/master/backends/rueschlikon/V1},
  note         = {Accessed: 2023-08-19},
}

@online{qiskitReset,
  author = {Qiskit Development Team},
  title = {Reset — Qiskit 0.x documentation},
  year = {2023},
  url = {https://qiskit.org/documentation/stubs/qiskit.circuit.library.Reset.html},
  note = {Accessed: 2023-08-19}
}

@misc{zalka1998fast,
      title={Fast versions of Shor's quantum factoring algorithm}, 
      author={Christof Zalka},
      year={1998},
      eprint={quant-ph/9806084},
      archivePrefix={arXiv},
      primaryClass={quant-ph}
}

@misc{beauregard2003circuit,
      title={Circuit for Shor's algorithm using 2n+3 qubits}, 
      author={Stephane Beauregard},
      year={2003},
      eprint={quant-ph/0205095},
      archivePrefix={arXiv},
      primaryClass={quant-ph}
}




