
@article{Feynman:1982,
  author = {Feynman, Richard P.},
  year = {1982},
  title = {Simulating physics with computers},
  journal = {International Journal of Theoretical Physics},
  volume = {21},
  number = {6},
  pages = {467-488},
  issn = {1572-9575},
  doi = {10.1007/BF02650179},
}

@article{Chuang:1998ExperimentalIO,
  title={Experimental Implementation of Fast Quantum Searching},
  author={Isaac L. Chuang and Neil A. Gershenfeld and Mark Kubinec},
  journal={Physical Review Letters},
  volume = {80},
  number = {15},
  year={1998},
  volume={80},
  pages={3408-3411},
  doi = { 10.1103/PhysRevLett.80.3408}
}

@article{Shor:1997,
	doi = {10.1137/s0097539795293172},
	url = {https://doi.org/10.1137%2Fs0097539795293172},
	year = 1997,
	month = {oct},
	publisher = {Society for Industrial {\&} Applied Mathematics ({SIAM})},
	volume = {26},
	number = {5},
	pages = {1484--1509},
	author = {Peter W. Shor},
	title = {Polynomial-Time Algorithms for Prime Factorization and Discrete Logarithms on a Quantum Computer},
	journal = {{SIAM} Journal on Computing}
}}

@article{Monz_2016,
	doi = {10.1126/science.aad9480},
	url = {https://doi.org/10.1126%2Fscience.aad9480},
	year = 2016,
	month = {mar},
	publisher = {American Association for the Advancement of Science ({AAAS})},
	volume = {351},
	number = {6277},
	pages = {1068--1070},
	author = {Thomas Monz and Daniel Nigg and Esteban A. Martinez and Matthias F. Brandl and Philipp Schindler and Richard Rines and Shannon X. Wang and Isaac L. Chuang and Rainer Blatt},
	title = {Realization of a scalable Shor algorithm},
	journal = {Science}
}}

@misc{IBM:2022,
  title = {{IBM Unveils 400 Qubit-Plus Quantum Processor and Next-Generation IBM Quantum System Two}},
  howpublished = {{IBM Newsroom}},
  url = {https://newsroom.ibm.com/2022-11-09-IBM-Unveils-400-Qubit-Plus-Quantum-Processor-and-Next-Generation-IBM-Quantum-System-Two},
  year = {2022},
  month = {Nov},
  day = {9},
  note = {Zugegriffen am 25. Juni 2023}
}

@misc{BSI:2023,
  title = {{Gemeinsame Umfrage von BSI und KPMG in Deutschland zu „Kryptografie und Quantencomputing“}},
  howpublished = {{BSI Presse}},
  url = {https://www.bsi.bund.de/DE/Service-Navi/Presse/Alle-Meldungen-News/Meldungen/BSI_KMPG_Quanten_230418.html},
  year = {2023},
  month = {Apr},
  day = {18},
  note = {Zugegriffen am 25. Juni 2023}
}

@misc{IBM:Shor,
  title = {{Shor's Algorithm}},
  howpublished = {{Qiskit learn}},
  url = {https://learn.qiskit.org/course/ch-algorithms/shors-algorithm},
  year = {2022},
  month = {Dec},
  day = {8},
  note = {Zugegriffen am 27. Juni 2023}
}

@misc{IBM:Shor_docu,
  title = {{Shor's Algorithm}},
  howpublished = {{Qiskit docs}},
  url = {https://qiskit.org/documentation/stable/0.35/tutorials/algorithms/08_factorizers.html},
  year = {2022},
  month = {Apr},
  day = {6},
  note = {Zugegriffen am 27. Juni 2023}
}



@INPROCEEDINGS{9376169,
  author={DeCusatis, Casimer and Mcgettrick, Emily},
  booktitle={2021 IEEE 11th Annual Computing and Communication Workshop and Conference (CCWC)}, 
  title={Near term implementation of Shor's Algorithm using Qiskit}, 
  year={2021},
  volume={},
  number={},
  pages={1564-1568},
  doi={10.1109/CCWC51732.2021.9376169}}
